<record><leader>00000cas a22000001a 4500</leader><controlfield tag="001">57214644</controlfield><controlfield tag="007">hd afb---baca</controlfield><controlfield tag="008">041213d18571861iluwr nea     0    0eng c</controlfield><datafield ind1=" " ind2=" " tag="010"><subfield code="a">  2004256061</subfield></datafield><datafield ind1=" " ind2=" " tag="040"><subfield code="a">RBN</subfield><subfield code="b">eng</subfield><subfield code="c">RBN</subfield><subfield code="d">OCLCQ</subfield><subfield code="d">OCLCF</subfield><subfield code="d">OCLCO</subfield></datafield><datafield ind1="1" ind2=" " tag="029"><subfield code="a">AU@</subfield><subfield code="b">000026456172</subfield></datafield><datafield ind1=" " ind2=" " tag="042"><subfield code="a">pcc</subfield></datafield><datafield ind1=" " ind2=" " tag="043"><subfield code="a">n-us-il</subfield></datafield><datafield ind1="0" ind2="0" tag="245"><subfield code="a">Chicago weekly Democrat</subfield><subfield code="h">[microform].</subfield></datafield><datafield ind1=" " ind2=" " tag="260"><subfield code="a">Chicago, Ill. :</subfield><subfield code="b">John Wentworth,</subfield><subfield code="c">1857-1861.</subfield></datafield><datafield ind1=" " ind2=" " tag="300"><subfield code="a">v.</subfield></datafield><datafield ind1=" " ind2=" " tag="310"><subfield code="a">Weekly</subfield></datafield><datafield ind1="0" ind2=" " tag="362"><subfield code="a">New ser., v. 21, no. 27 (May 9, 1857)-new ser., v. 25, no. 39 (July 27, 1861) = old ser., v. 24, no. 47-old ser., v. 29, no. 6.</subfield></datafield><datafield ind1=" " ind2=" " tag="533"><subfield code="a">Microfilm.</subfield><subfield code="b">Springfield :</subfield><subfield code="c">Illinois State Historical Library,</subfield><subfield code="d">1992.</subfield><subfield code="e">1 microfilm reel ; 35 mm.</subfield><subfield code="n">Filmed with other titles.</subfield></datafield><datafield ind1=" " ind2=" " tag="539"><subfield code="a">d</subfield><subfield code="b">1859</subfield><subfield code="c">1859</subfield><subfield code="d">ilu</subfield><subfield code="e">u</subfield><subfield code="f">u</subfield><subfield code="g">a</subfield></datafield><datafield ind1=" " ind2="0" tag="651"><subfield code="a">Chicago (Ill.)</subfield><subfield code="v">Newspapers.</subfield></datafield><datafield ind1=" " ind2="7" tag="655"><subfield code="a">Newspapers.</subfield><subfield code="2">fast</subfield><subfield code="0">(OCoLC)fst01423814</subfield></datafield><datafield ind1=" " ind2="7" tag="651"><subfield code="a">Illinois</subfield><subfield code="z">Chicago.</subfield><subfield code="2">fast</subfield><subfield code="0">(OCoLC)fst01204048</subfield></datafield><datafield ind1=" " ind2=" " tag="752"><subfield code="a">United States</subfield><subfield code="b">Illinois</subfield><subfield code="c">Cook</subfield><subfield code="d">Chicago.</subfield></datafield><datafield ind1="0" ind2=" " tag="775"><subfield code="t">Chicago daily Democrat</subfield><subfield code="w">(DLC)sn 82014514</subfield></datafield><datafield ind1="0" ind2="0" tag="780"><subfield code="t">Weekly Chicago Democrat</subfield><subfield code="w">(DLC)sn 82014339</subfield></datafield><datafield ind1="0" ind2="4" tag="785"><subfield code="t">Chicago weekly tribune (Chicago, Ill. : 1860)</subfield><subfield code="w">(DLC)sn 85033659</subfield></datafield></record>